<collection xmlns="http://www.loc.gov/MARC21/slim">
<record>
  <leader>01224nam0a22002291i 450 </leader>
  <controlfield tag="001">IT\ICCU\CNCE\053170</controlfield>
  <controlfield tag="005">20021008000000.0</controlfield>
  <datafield tag="100" ind1=" " ind2=" ">
    <subfield code="a">20020926d1534        0itac0103    ba</subfield>
  </datafield>
  <datafield tag="101" ind1=" " ind2=" ">
    <subfield code="a">LAT</subfield>
  </datafield>
  <datafield tag="102" ind1=" " ind2=" ">
    <subfield code="a">IT</subfield>
  </datafield>
  <datafield tag="200" ind1="1" ind2=" ">
    <subfield code="a">℗Eccellentissimi philosophi et summi medici d. Matthei Curti Ticinensis ℗Quaestio de phlobotomia in pleuresi. Et Hippocratis et Galeni sententia contra communem medendi modum ...</subfield>
  </datafield>
  <datafield tag="210" ind1=" " ind2=" ">
    <subfield code="a">Venetiis</subfield>
    <subfield code="c">1534</subfield>
    <subfield code="h">Venetiis per Joannem patauinum &amp; Venturinum de Ruffinellis. Anno domini 1534</subfield>
  </datafield>
  <datafield tag="215" ind1=" " ind2=" ">
    <subfield code="a">\80! p.</subfield>
    <subfield code="d"></subfield>
  </datafield>
  <datafield tag="300" ind1=" " ind2=" ">
    <subfield code="a">ANNULLATA !!!!!! vedi 13596</subfield>
  </datafield>
  <datafield tag="620" ind1=" " ind2=" ">
    <subfield code="a">IT</subfield>
    <subfield code="d">Venezia</subfield>
  </datafield>
  <datafield tag="700" ind1=" " ind2="1">
    <subfield code="a">Corti,</subfield>
    <subfield code="b">Matteo</subfield>
    <subfield code="c"> &lt;medico&gt;</subfield>
    <subfield code="3">IT\ICCU\CNCA\003531</subfield>
  </datafield>
  <datafield tag="712" ind1="0" ind2="0">
    <subfield code="a">Padovano, Giovanni &amp; Ruffinelli, Venturino</subfield>
    <subfield code="3">IT\ICCU\CNCT\000571</subfield>
    <subfield code="4">650</subfield>
  </datafield>
  <datafield tag="790" ind1=" " ind2="1">
    <subfield code="a">Curtius,</subfield>
    <subfield code="b">Matthaeus</subfield>
    <subfield code="3">IT\ICCU\CNCA\013752</subfield>
    <subfield code="z">Corti, Matteo &lt;medico&gt;</subfield>
  </datafield>
  <datafield tag="790" ind1=" " ind2="1">
    <subfield code="a">Curzio,</subfield>
    <subfield code="b">Matteo</subfield>
    <subfield code="3">IT\ICCU\CNCA\026442</subfield>
    <subfield code="z">Corti, Matteo &lt;medico&gt;</subfield>
  </datafield>
  <datafield tag="791" ind1="0" ind2="0">
    <subfield code="a">Patavinus, Ioannes &amp; Roffinellis, Venturinus de</subfield>
    <subfield code="3">IT\ICCU\CNCT\004017</subfield>
    <subfield code="z">Padovano, Giovanni &amp; Ruffinelli, Venturino</subfield>
  </datafield>
  <datafield tag="801" ind1=" " ind2="3">
    <subfield code="a">IT</subfield>
    <subfield code="b">ICCU</subfield>
    <subfield code="c">20201115</subfield>
  </datafield>
  <datafield tag="899" ind1=" " ind2=" ">
    <subfield code="a">Biblioteche del Polo di medicina legale, anatomia patologica e storia della medicina dell&apos;Universit ̉degli Studi di Padova. Padova</subfield>
    <subfield code="1">PD0403</subfield>
    <subfield code="2">PUV 43</subfield>
  </datafield>
</record>
</collection>
